
@report{grob_ermudung_1977,
	location = {Zürich},
	title = {Ermüdung von Stahlbeton- und Spannbetontragwerken},
	pages = {58 S.},
	number = {Nr. 75},
	institution = {{IBK}},
	type = {Bericht},
	author = {Grob, Josef},
	date = {1977},
	keywords = {Ermüdung, {IBK}, Stahlbeton, {VM}1\_Urweider},
	file = {1977 - Grob - Ermüdung von Stahlbeton- und Spannbetontragwerken.pdf:C\:\\Users\\talisiba\\AppData\\Roaming\\Zotero\\Zotero\\Profiles\\ejnji5gi.default\\zotero\\storage\\QRH9JXXR\\1977 - Grob - Ermüdung von Stahlbeton- und Spannbetontragwerken.pdf:application/pdf}
}

@inproceedings{szepe_bemessung_1956,
	title = {Bemessung der Eisenbahnbrücken in Stahlbeton mit Rücksicht auf die Einschränkung der Rissbildung},
	volume = {Vol. 5},
	eventtitle = {{IABSE}},
	pages = {843 -- 857},
	author = {Szépe, F.},
	date = {1956},
	keywords = {Platte, Stahlbeton, {VM}1\_Urweider},
	file = {1956 - Szépe - Bemessung der Eisenbahnbrücken in Stahlbeton mit R.pdf:C\:\\Users\\talisiba\\AppData\\Roaming\\Zotero\\Zotero\\Profiles\\ejnji5gi.default\\zotero\\storage\\NU8HDVBP\\1956 - Szépe - Bemessung der Eisenbahnbrücken in Stahlbeton mit R.pdf:application/pdf}
}

@report{teschl_matlab_2001,
	location = {Wien},
	title = {Matlab - Eine Einführung},
	pages = {44 S.},
	type = {Anleitung},
	author = {Teschl, Susanne},
	date = {2001},
	keywords = {Anleitung, Matlab},
	file = {2001 - Teschl - MATLAB - Eine Einführung.pdf:C\:\\Users\\talisiba\\AppData\\Roaming\\Zotero\\Zotero\\Profiles\\ejnji5gi.default\\zotero\\storage\\NG4D7H2N\\2001 - Teschl - MATLAB - Eine Einführung.pdf:application/pdf}
}

@thesis{seelhofer_ebener_2009,
	location = {Zürich},
	title = {Ebener Spannungszustand im Betonbau Grundlagen und Anwendungen},
	pagetotal = {247},
	institution = {{ETH} Zürich},
	type = {phdthesis},
	author = {Seelhofer, Hans},
	date = {2009},
	file = {2009 - Seelhofer - Ebener Spannungszustand im Betonbau Grundlagen und.pdf:C\:\\Users\\talisiba\\AppData\\Roaming\\Zotero\\Zotero\\Profiles\\ejnji5gi.default\\zotero\\storage\\3BPNXIBA\\2009 - Seelhofer - Ebener Spannungszustand im Betonbau Grundlagen und.pdf:application/pdf}
}

@report{amsler_verstarkung_2012,
	location = {Horw},
	title = {Verstärkung von bestehenden Betontragwerken mit Aufbeton},
	pages = {74 S.},
	institution = {Hochschule Luzern - Technik \& Architektur, Kompetenzzentrum Konstruktiver Ingenieurbau},
	type = {{VM}1},
	author = {Amsler, Michael},
	date = {2012},
	file = {2012 - Amsler - VM1 - Verstärkung von bestehenden Betontragwerken mit Aufbeton.pdf:C\:\\Users\\talisiba\\AppData\\Roaming\\Zotero\\Zotero\\Profiles\\ejnji5gi.default\\zotero\\storage\\4Q7JM69D\\2012 - Amsler - VM1 - Verstärkung von bestehenden Betontragwerken mit Aufbeton.pdf:application/pdf}
}

@report{amsler_durchstanzversuch_2013,
	location = {Horw},
	title = {Durchstanzversuch mit Aufbeton - Versuch {VA}1},
	pages = {70 S.},
	institution = {Hochschule Luzern - Technik \& Architektur, Kompetenzzentrum Konstruktiver Ingenieurbau},
	type = {Versuchsbericht},
	author = {Amsler, Michael and Thoma, Karel},
	date = {2013},
	file = {2013 - Amsler_Thoma - Durchstanzversuch mit Aufbeton.pdf:C\:\\Users\\talisiba\\AppData\\Roaming\\Zotero\\Zotero\\Profiles\\ejnji5gi.default\\zotero\\storage\\T8G5IUGA\\2013 - Amsler_Thoma - Durchstanzversuch mit Aufbeton.pdf:application/pdf}
}

@report{amsler_bemessung_2013,
	location = {Horw},
	title = {Bemessung von Platten - Modelle und Beispiele},
	pages = {105 S.},
	institution = {Hochschule Luzern - Technik \& Architektur, Kompetenzzentrum Konstruktiver Ingenieurbau},
	type = {Master-Thesis},
	author = {Amsler, Michael},
	date = {2013},
	file = {2013 - Amsler - Masterthesis - Bemessung von Platten - Modelle und Beispiele.pdf:C\:\\Users\\talisiba\\AppData\\Roaming\\Zotero\\Zotero\\Profiles\\ejnji5gi.default\\zotero\\storage\\2WUJ34HD\\2013 - Amsler - Masterthesis - Bemessung von Platten - Modelle und Beispiele.pdf:application/pdf}
}

@book{wehnert_beitrag_2006,
	title = {Ein Beitrag für drainierten und undrainierten Analyse in der Geotechnik},
	pagetotal = {167},
	publisher = {Eigenverlag des Institus für Geotechnik},
	author = {Wehnert, Markus},
	date = {2006},
	file = {2006 - Wehnert - Ein Beitrag für drainierten und undrainierten Analyse in der Geotechnik.pdf:C\:\\Users\\talisiba\\AppData\\Roaming\\Zotero\\Zotero\\Profiles\\ejnji5gi.default\\zotero\\storage\\7GIR4ZBD\\2006 - Wehnert - Ein Beitrag für drainierten und undrainierten Analyse in der Geotechnik.pdf:application/pdf}
}

@report{muttoni_bemessen_1988,
	location = {Zürich},
	title = {Bemessen und Konstruieren von Stahlbetontragwerken mit Spannungsfeldern},
	pages = {122 S.},
	institution = {{ETH} Zürich},
	type = {Vorlesungsskript},
	author = {Muttoni, Aurelio and Schwarz, Joseph and Thürlimann, Bruno},
	date = {1988},
	file = {1988 - Muttoni et al - Bemessen und Konstruieren von Stahlbetontragwerken mit Spannungsfeldern.pdf:C\:\\Users\\talisiba\\AppData\\Roaming\\Zotero\\Zotero\\Profiles\\ejnji5gi.default\\zotero\\storage\\APCNTAS6\\1988 - Muttoni et al - Bemessen und Konstruieren von Stahlbetontragwerken mit Spannungsfeldern.pdf:application/pdf}
}

@article{rusch_researches_1960,
	title = {Researches Toward a General Flexural Theory for Structural Concrete},
	volume = {57},
	pages = {28},
	issue = {No. 7},
	journaltitle = {Journal of the American Concrete Institure},
	author = {Rüsch, Hubert},
	date = {1960-07},
	file = {1960 - Rüsch - Researches Towards a Genereal Flexural Theory for Structural Concrete.pdf:C\:\\Users\\talisiba\\AppData\\Roaming\\Zotero\\Zotero\\Profiles\\ejnji5gi.default\\zotero\\storage\\Q5RZAHCE\\1960 - Rüsch - Researches Towards a Genereal Flexural Theory for Structural Concrete.pdf:application/pdf}
}

@article{trost_auswirkungen_1967,
	title = {Auswirkungen des Superpositionsprinzips auf Kriech- und Relaxationsprobleme bei Beton und Spannbeton},
	pages = {230--238, 261--269},
	number = {10},
	journaltitle = {Beton und Stahlbetonbau},
	author = {Trost, Heinrich},
	date = {1967},
	file = {1967 - Trost - Auswirkungen des Superpositionsprinzips auf Kriech- und Relaxationsprobleme bei Beton und Spannbeton.pdf:C\:\\Users\\talisiba\\AppData\\Roaming\\Zotero\\Zotero\\Profiles\\ejnji5gi.default\\zotero\\storage\\2U44E69F\\1967 - Trost - Auswirkungen des Superpositionsprinzips auf Kriech- und Relaxationsprobleme bei Beton und Spannbeton.pdf:application/pdf}
}

@report{menn_langzeit-vorgange_1977,
	location = {Zürich},
	title = {Langzeit-Vorgänge - Der Einfluss von Kriechen und Schwinden auf den Verformungs- und Spannungszustand von Stahl-Beton-Tragwerken},
	pages = {69 S.},
	institution = {{ETH} Zürich},
	type = {Vorlesungsskript},
	author = {Menn, Christian},
	date = {1977},
	file = {1977 - Menn - Langzeit Vorgänge .pdf:C\:\\Users\\talisiba\\AppData\\Roaming\\Zotero\\Zotero\\Profiles\\ejnji5gi.default\\zotero\\storage\\W2J8E24X\\1977 - Menn - Langzeit Vorgänge .pdf:application/pdf}
}

@report{_model_2010,
	location = {Lausanne},
	title = {Model Code 2010 - Final draft, Volume 1, fib Bulletin No. 65},
	pages = {311 S.},
	institution = {Fédération Internationale du Béton},
	date = {2010},
	file = {2010 - fib - Model Code 10 - Vol 1.pdf:C\:\\Users\\talisiba\\AppData\\Roaming\\Zotero\\Zotero\\Profiles\\ejnji5gi.default\\zotero\\storage\\QWP7I5NZ\\2010 - fib - Model Code 10 - Vol 1.pdf:application/pdf}
}

@report{_sia_2013,
	location = {Zürich},
	title = {{SIA} Norm 262, Betonbau},
	pages = {102 S.},
	institution = {Schweizerischer Ingenieur- und Architektenverein},
	date = {2013},
	file = {2013 - SIA - 262 Betonbau.pdf:C\:\\Users\\talisiba\\AppData\\Roaming\\Zotero\\Zotero\\Profiles\\ejnji5gi.default\\zotero\\storage\\6FPWMA7N\\2013 - SIA - 262 Betonbau.pdf:application/pdf}
}

@report{siadoku0192,
	location = {Zürich},
	title = {{SIA} Dokumentation D 0192, Betonbau, Bemessungsbeispiele zur Norm {SIA} 262},
	pages = {156 S.},
	institution = {Schweizerischer Ingenieur- und Architektenverein},
	date = {2004},
	file = {2004 - SIA - SIA Dokumentation D 0192 - Betonbau - Bemessungsbeispiele zur Norm SIA 262.pdf:C\:\\Users\\talisiba\\AppData\\Roaming\\Zotero\\Zotero\\Profiles\\ejnji5gi.default\\zotero\\storage\\82NUF8QJ\\2004 - SIA - SIA Dokumentation D 0192 - Betonbau - Bemessungsbeispiele zur Norm SIA 262.pdf:application/pdf}
}

@report{eurocode2,
	location = {Lausanne},
	title = {Eurocode 2: Bemessung und Konstruktion von Stahlbeton- und Spannbetontragwerken - Teil 1-1: Allgemeine Bemessungsregeln und Regeln für den Hochbau},
	pages = {246 S.},
	institution = {Europäisches Komitee  für Normung},
	date = {2010},
	file = {1992 - Eurocode 2 Teil 1-1.pdf:C\:\\Users\\talisiba\\AppData\\Roaming\\Zotero\\Zotero\\Profiles\\ejnji5gi.default\\zotero\\storage\\C3VQHMDS\\1992 - Eurocode 2 Teil 1-1.pdf:application/pdf}
}


@report{haller_schwinden_1940,
	location = {Zürich},
	title = {Schwinden und Kriechen von Mörtel und Beton},
	pages = {39},
	number = {Nr. 124},
	institution = {Eidgenössische Materialprüfungs- und Versuchsanstalt},
	type = {Diskussionsbericht},
	author = {Haller, P},
	date = {1940},
	file = {1940 - Haller - Schwinden und Kriechen von Mörtel und Beton.pdf:C\:\\Users\\talisiba\\AppData\\Roaming\\Zotero\\Zotero\\Profiles\\ejnji5gi.default\\zotero\\storage\\9J77EHZ3\\1940 - Haller - Schwinden und Kriechen von Mörtel und Beton.pdf:application/pdf}
}

@thesis{etter,
	location = {Zürich},
	title = {Zum Tragverhalten von Verbundbauteilen aus altem und neuem Stahlbeton},
	pagetotal = {156},
	institution = {{ETH} Zürich},
	type = {phdthesis},
	author = {Etter, Stephan},
	date = {2013},
}

@unpublished{mennLangz,
	location = {Zürich},
	title = {Langzeit-Vorgänge - Der Einfluss von Kriechen und Schwinden auf den Verformungs- und Spannungszustand von Stahl-Beton-Tragwerken},
	pagetotal = {69},
	type = {Vorlesung},
	howpublished = {Vorlesung},
	author = {Menn, Christian},
	date = {1977},
}

@article{bazant,
	title = {Prediction of Concrete Creep Effects Using Age-Adjusted Effective Modulus Method},
	volume = {V. 69},
	pages = {212--217},
	issue = {Nr. 3},
	journaltitle = {{ACI} Journal Proceedings},
	author = {Bazant, Zdenek},
	date = {1972-04},
}

@article{trost,
	title = {Auswirkungen des Superpositionsprinzips auf Kriech- und Relaxationsprobleme bei Beton und Spannbeton},
	pages = {230--238, 261--269},
	issue = {H. 10},
	journaltitle = {Beton und Stahlbetonbau},
	author = {Trost, Heinrich},
	date = {1967},
}



@thesis{anders,
	location = {Karlsruhe},
	title = {Stoffgesetz zur Beschreibung des Kriech- und Relaxationsverhaltens junger normal- und hochfester Betone},
	pagetotal = {256},
	institution = {Institut für Massivbau und Baustofftechnologie},
	type = {phdthesis},
	author = {Anders, Isabel},
	date = {2013},
}


@manual{sia262,
  title = {SIA Norm 262, Betonbau},
  year = {2013},
  publisher = {Schweizerischer Ingenieur- und Architektenverein},
  location = {Zürich},
  pagetotal = {102},
}

@manual{sia269/2,
  title = {SIA Norm 269/2, Erhaltung von Tragwerken - Betonbau},
  year = {2011},
  publisher = {Schweizerischer Ingenieur- und Architektenverein},
  location = {Zürich},
  pagetotal = {44},
}

@manual{modelcode1,
  title = {Model Code 2010 - Final draft, Volume 1, fib Bulletin No. 65},
  year = {2010},
  publisher = {Fédération Internationale du Béton},
  location = {Lausanne},
  pagetotal = {311},
}

