
@report{grob_ermudung_1977,
	location = {Zürich},
	title = {Ermüdung von Stahlbeton- und Spannbetontragwerken},
	pages = {58 S.},
	number = {Nr. 75},
	institution = {{IBK}},
	type = {Bericht},
	author = {Grob, Josef},
	date = {1977},
	keywords = {Ermüdung, {IBK}, Stahlbeton, {VM}1\_Urweider},
	file = {1977 - Grob - Ermüdung von Stahlbeton- und Spannbetontragwerken.pdf:C\:\\Users\\talisiba\\AppData\\Roaming\\Zotero\\Zotero\\Profiles\\ejnji5gi.default\\zotero\\storage\\QRH9JXXR\\1977 - Grob - Ermüdung von Stahlbeton- und Spannbetontragwerken.pdf:application/pdf}
}

@inproceedings{szepe_bemessung_1956,
	title = {Bemessung der Eisenbahnbrücken in Stahlbeton mit Rücksicht auf die Einschränkung der Rissbildung},
	volume = {Vol. 5},
	eventtitle = {{IABSE}},
	pages = {843 -- 857},
	author = {Szépe, F.},
	date = {1956},
	keywords = {Platte, Stahlbeton, {VM}1\_Urweider},
	file = {1956 - Szépe - Bemessung der Eisenbahnbrücken in Stahlbeton mit R.pdf:C\:\\Users\\talisiba\\AppData\\Roaming\\Zotero\\Zotero\\Profiles\\ejnji5gi.default\\zotero\\storage\\NU8HDVBP\\1956 - Szépe - Bemessung der Eisenbahnbrücken in Stahlbeton mit R.pdf:application/pdf}
}

@article{trost_auswirkungen_1967,
	title = {Auswirkungen des Superpositionsprinzips auf Kriech- und Relaxationsprobleme bei Beton und Spannbeton},
	pages = {230--238, 261--269},
	number = {10},
	journaltitle = {Beton und Stahlbetonbau},
	author = {Trost, Heinrich},
	date = {1967},
	file = {1967 - Trost - Auswirkungen des Superpositionsprinzips auf Kriech- und Relaxationsprobleme bei Beton und Spannbeton.pdf:C\:\\Users\\talisiba\\AppData\\Roaming\\Zotero\\Zotero\\Profiles\\ejnji5gi.default\\zotero\\storage\\2U44E69F\\1967 - Trost - Auswirkungen des Superpositionsprinzips auf Kriech- und Relaxationsprobleme bei Beton und Spannbeton.pdf:application/pdf}
}

@report{InformationSecurity,
	title = {Information security},
	institution = {{Wikipedia}},
	type = {Website},
	author = {Wikipedia},
	date = {2017},
	keywords = {Encryption}
}